@book{nkjv,
title={The Orthodox Study Bible, Thomas Nelson},
author={NKJV},
year={2008},
publisher={St. Athanasius Acadamy of Orthodox Theology},
url = {https://www.thomasnelson.com/},
}

@book{reformation_macCulloch,
title={The Reformation: A History},
author={Diarmaid MacCulloch},
year={2005},
publisher={Penguin Books},
url = {https://penguin.com/},
}


@book{epistles_ignatius,
title={St. Ignatius of Antioch: The Epistles},
edition={Kindle},
author={St. Ignatius of Antioch},
year={2024},
publisher={Grapevine India},
url = {https://amazon.com/},
}


@book{priesthood_chrysostom,
title={On the Priesthood, Translated by Harris Cowper},
author = {St. John Chrysostom},
year={1866},
publisher={Williams and Norgate},
url = {https://www.GLHpublishing.com/},
}

@book{complete_work_chrysostom,
title={The Complete Works of St. John Chrysostom},
author={St. John Chrysostom},
year={2016},
publisher={Kindle Edition},
url = {https://www.amazon.com/},
}
@book{priesthood_shenouda,
title={The Priesthood, Translated by Amir Hanna},
author={Pope Shenouda III},
year={1997},
publisher={COEPA},
url = {https://www.orthodoxbookstore.org/collections/orthodox-theology/products/the-priesthood},
}

@book{st_basil_letters,
title={The Letters},
author={St. Basil the Great},
year={2016},
publisher={Aeterna Press},
EISBEN={13:978-1-78647-144-4},
url = {www.AeternaPress.com}
}

@book{orthodox_church_ware,
title={The Orthodox Church, An Introduction to Eastern Christianity},
author={Timothy Ware},
year={1997},
publisher={Penguin Books},
url = {https://www.penguin.com/},
}


@book{hebrews_wright,
title={Hebrews For Everyone},
author={N. T. Wright},
year={2003},
publisher={Westminister John Knox Presss},
url = {https://www.amazon.com/},
}


@book{early_church_akin,
title={The Fathers Know Best: Your Guide to the Teachings of the Early Church},
author={Jimmy Akin},
year={2010},
publisher={Catholic Answers Press},
url = {https://www.amazon.com/},
}


@book{priests_zacharias,
title={The Enlargement of the Heart},
author={Archimandrite Zacharias},
year={2019},
publisher={Stavropegic Monastery of St. John the Baptist},
url = {https://www.amazon.com/},
}

@book{priests_schmeman,
title={For the Life of the World},
author={Alexander Schmeman},
year={2010},
publisher={St Vladimirs Seminary Press},
url = {https://www.amazon.com/},
}

@book{reformation_lutzer,
title={Rescuing the Gospel, the Story and Significance of the Reformation},
author={Erwin W. Lutzer},
year={2017},
publisher={BakerBooks},
url = {https://www.bakerbooks.com/},
}

@book{reformation_lull_nelson,
title={Resilient Reformer, The Life and Thought of Martin Luther},
author={Timothy F. Lull and Derek R. Nelson},
year={2015},
publisher={Fortress Press},
url = {https://www.fortresspress.com/},
}

@article{markowitz52,
author  = {Markowitz, Harry},
title   = {Portfolio Selection},
journal = {Journal of Finance},
year    = {1952},
volume  = {7},
number = {1},
pages   = {77--91},
}

@article{rockafellar02,
title={Conditional Value-at-risk for general loss distributions},
author={Rockafellar, R Tyrrell and Uryasev, Stanislav},
journal={Journal of banking \& finance},
volume={26},
number={7},
pages={1443--1471},
year={2002},
doi = {https://doi.org/10.1016/S0378-4266(02)00271-6},
}